
@incollection{newton1687,
  title={Isaac newton, philosophiae naturalis principia mathematica, (1687)},
  author={Guicciardini, Niccol{\`o}},
  booktitle={Landmark Writings in Western Mathematics 1640-1940},
  pages={59--87},
  year={2005},
  publisher={Elsevier}
}

@article{liao2020,
  title={Three-body problemâ€”From Newton to supercomputer plus machine learning},
  author={Liao, Shijun and Li, Xiaoming and Yang, Yu},
  journal={New Astronomy},
  volume={96},
  pages={101850},
  year={2022},
  publisher={Elsevier}
}

@article{raissi2019,
  title={Physics-informed neural networks: A deep learning framework for solving forward and inverse problems involving nonlinear partial differential equations},
  author={Raissi, Maziar and Perdikaris, Paris and Karniadakis, George E},
  journal={Journal of Computational physics},
  volume={378},
  pages={686--707},
  year={2019},
  publisher={Elsevier}
}
@article{martin2022,
  title={Physics-informed neural networks for gravity field modeling of the Earth and Moon},
  author={Martin, John and Schaub, Hanspeter},
  journal={Celestial Mechanics and Dynamical Astronomy},
  volume={134},
  number={2},
  pages={13},
  year={2022},
  publisher={Springer}
}
@article{cheng2020,
  title={Real-time optimal control for irregular asteroid landings using deep neural networks},
  author={Cheng, Lin and Wang, Zhenbo and Song, Yu and Jiang, Fanghua},
  journal={Acta Astronautica},
  volume={170},
  pages={66--79},
  year={2020},
  publisher={Elsevier}
}

@article{gao2019,
  title={Efficient gravity field modeling method for small bodies based on Gaussian process regression},
  author={Gao, Ai and Liao, Wentao},
  journal={Acta Astronautica},
  volume={157},
  pages={73--91},
  year={2019},
  publisher={Elsevier}
}
@inproceedings{poincare1890,
  title={Poincar{\'e} and the three-body problem},
  author={Chenciner, Alain},
  booktitle={Henri Poincar{\'e}, 1912--2012: Poincar{\'e} Seminar 2012},
  pages={51--149},
  year={2014},
  organization={Springer}
}
@article{meng2022physics,
  title={When physics meets machine learning: A survey of physics-informed machine learning},
  author={Meng, Chuizheng and Seo, Sungyong and Cao, Defu and Griesemer, Sam and Liu, Yan},
  journal={arXiv preprint arXiv:2203.16797},
  year={2022}
}
